<?xml version="1.0" encoding="UTF-8"?><collection xmlns="http://www.loc.gov/MARC21/slim"><record><leader>00393nam--2200133-i-4500</leader><controlfield tag="001">000025942</controlfield><controlfield tag="002">20161230</controlfield><controlfield tag="005">20161230201036</controlfield><controlfield tag="008">060222s1000------------r-----000-0-eng-d</controlfield><datafield ind1=" " ind2=" " tag="080"><subfield code="a">616-084(043)</subfield></datafield><datafield ind1=" " ind2=" " tag="100"><subfield code="a">Joly,Christine, Marie-michele</subfield></datafield><datafield ind1=" " ind2=" " tag="245"><subfield code="a">La medecine preventive dans une grande collectivite. these</subfield></datafield><datafield ind1=" " ind2=" " tag="260"><subfield code="a">Paris, Faculte De Medecine Pitie-salpetriere, 1973. 54p</subfield></datafield><datafield ind1=" " ind2=" " tag="852"><subfield code="a">40737</subfield></datafield></record></collection>